% Encoding: UTF-8

@inproceedings{zou2020survey,
  title        = {A survey on application of knowledge graph},
  author       = {{Zou}, {Xiaohan}},
  booktitle    = {Journal of Physics: Conference Series},
  volume       = {1487},
  number       = {1},
  pages        = {012016},
  year         = {2020},
  organization = {IOP Publishing}
}

@article{berners2001semantic,
  title     = {The semantic web},
  author    = {Berners-Lee, Tim and Hendler, James and Lassila, Ora},
  journal   = {Scientific american},
  volume    = {284},
  number    = {5},
  pages     = {34--43},
  year      = {2001},
  publisher = {JSTOR}
}

@article{2021-eh,
  title    = {{基于TransE的表示学习方法研究综述}},
  author   = {{张正航} and {钱育蓉} and {行艳妮} and {赵鑫}},
  journal  = {计算机应用研究},
  volume   = 38,
  number   = 03,
  pages    = {656--663},
  year     = 2021,
  keywords = {知识图谱;表示学习;TransE模型;知识图谱嵌入;翻译模型}
}

@article{bordes2013translating,
  title   = {Translating embeddings for modeling multi-relational data},
  author  = {Bordes, Antoine and Usunier, Nicolas and Garcia-Duran, Alberto and Weston, Jason and Yakhnenko, Oksana},
  journal = {Advances in neural information processing systems},
  volume  = {26},
  year    = {2013}
}

@inproceedings{wang2014knowledge,
  title     = {Knowledge graph embedding by translating on hyperplanes},
  author    = {Wang, Zhen and Zhang, Jianwen and Feng, Jianlin and Chen, Zheng},
  booktitle = {Proceedings of the AAAI conference on artificial intelligence},
  volume    = {28},
  number    = {1},
  year      = {2014}
}

@article{yang2014embedding,
  title   = {Embedding entities and relations for learning and inference in knowledge bases},
  author  = {Yang, Bishan and Yih, Wen-tau and He, Xiaodong and Gao, Jianfeng and Deng, Li},
  journal = {arXiv preprint arXiv:1412.6575},
  year    = {2014}
}

@inproceedings{trouillon2016complex,
  title        = {Complex embeddings for simple link prediction},
  author       = {Trouillon, Th{\'e}o and Welbl, Johannes and Riedel, Sebastian and Gaussier, {\'E}ric and Bouchard, Guillaume},
  booktitle    = {International conference on machine learning},
  pages        = {2071--2080},
  year         = {2016},
  organization = {PMLR}
}

@article{sun2019rotate,
  title   = {Rotate: Knowledge graph embedding by relational rotation in complex space},
  author  = {Sun, Zhiqing and Deng, Zhi-Hong and Nie, Jian-Yun and Tang, Jian},
  journal = {arXiv preprint arXiv:1902.10197},
  year    = {2019}
}

@inproceedings{li2022does,
  title     = {How does knowledge graph embedding extrapolate to unseen data: a semantic evidence view},
  author    = {Li, Ren and Cao, Yanan and Zhu, Qiannan and Bi, Guanqun and Fang, Fang and Liu, Yi and Li, Qian},
  booktitle = {Proceedings of the AAAI Conference on Artificial Intelligence},
  volume    = {36},
  number    = {5},
  pages     = {5781--5791},
  year      = {2022}
}

@inproceedings{teru2020inductive,
  title        = {Inductive relation prediction by subgraph reasoning},
  author       = {Teru, Komal and Denis, Etienne and Hamilton, Will},
  booktitle    = {International Conference on Machine Learning},
  pages        = {9448--9457},
  year         = {2020},
  organization = {PMLR}
}

@article{dai2020survey,
  title     = {A survey on knowledge graph embedding: Approaches, applications and benchmarks},
  author    = {Dai, Yuanfei and Wang, Shiping and Xiong, Neal N and Guo, Wenzhong},
  journal   = {Electronics},
  volume    = {9},
  number    = {5},
  pages     = {750},
  year      = {2020},
  publisher = {MDPI}
}

@article{mikolov2013distributed,
  title   = {Distributed representations of words and phrases and their compositionality},
  author  = {Mikolov, Tomas and Sutskever, Ilya and Chen, Kai and Corrado, Greg S and Dean, Jeff},
  journal = {Advances in neural information processing systems},
  volume  = {26},
  year    = {2013}
}

@inproceedings{nickel2011three,
  title     = {A three-way model for collective learning on multi-relational data.},
  author    = {Nickel, Maximilian and Tresp, Volker and Kriegel, Hans-Peter and others},
  booktitle = {Icml},
  volume    = {11},
  number    = {10.5555},
  pages     = {3104482--3104584},
  year      = {2011}
}

@inproceedings{lin2015learning,
  title     = {Learning entity and relation embeddings for knowledge graph completion},
  author    = {Lin, Yankai and Liu, Zhiyuan and Sun, Maosong and Liu, Yang and Zhu, Xuan},
  booktitle = {Proceedings of the AAAI conference on artificial intelligence},
  volume    = {29},
  number    = {1},
  year      = {2015}
}

@inproceedings{ji2015knowledge,
  title     = {Knowledge graph embedding via dynamic mapping matrix},
  author    = {Ji, Guoliang and He, Shizhu and Xu, Liheng and Liu, Kang and Zhao, Jun},
  booktitle = {Proceedings of the 53rd annual meeting of the association for computational linguistics and the 7th international joint conference on natural language processing (volume 1: Long papers)},
  pages     = {687--696},
  year      = {2015}
}

@article{kolda2009tensor,
  title     = {Tensor decompositions and applications},
  author    = {Kolda, Tamara G and Bader, Brett W},
  journal   = {SIAM review},
  volume    = {51},
  number    = {3},
  pages     = {455--500},
  year      = {2009},
  publisher = {SIAM}
}

@article{choudhary2021survey,
  title   = {A survey of knowledge graph embedding and their applications},
  author  = {Choudhary, Shivani and Luthra, Tarun and Mittal, Ashima and Singh, Rajat},
  journal = {arXiv preprint arXiv:2107.07842},
  year    = {2021}
}

@inproceedings{garcia2014effective,
  title        = {Effective blending of two and three-way interactions for modeling multi-relational data},
  author       = {Garc{\'\i}a-Dur{\'a}n, Alberto and Bordes, Antoine and Usunier, Nicolas},
  booktitle    = {Machine Learning and Knowledge Discovery in Databases: European Conference, ECML PKDD 2014, Nancy, France, September 15-19, 2014. Proceedings, Part I 14},
  pages        = {434--449},
  year         = {2014},
  organization = {Springer}
}

@article{socher2013reasoning,
  title   = {Reasoning with neural tensor networks for knowledge base completion},
  author  = {Socher, Richard and Chen, Danqi and Manning, Christopher D and Ng, Andrew},
  journal = {Advances in neural information processing systems},
  volume  = {26},
  year    = {2013}
}

@inproceedings{dettmers2018convolutional,
  title     = {Convolutional 2d knowledge graph embeddings},
  author    = {Dettmers, Tim and Minervini, Pasquale and Stenetorp, Pontus and Riedel, Sebastian},
  booktitle = {Proceedings of the AAAI conference on artificial intelligence},
  volume    = {32},
  number    = {1},
  year      = {2018}
}

@article{nguyen2017novel,
  title   = {A novel embedding model for knowledge base completion based on convolutional neural network},
  author  = {Nguyen, Dai Quoc and Nguyen, Tu Dinh and Nguyen, Dat Quoc and Phung, Dinh},
  journal = {arXiv preprint arXiv:1712.02121},
  year    = {2017}
}

@article{kipf2016semi,
  title   = {Semi-supervised classification with graph convolutional networks},
  author  = {Kipf, Thomas N and Welling, Max},
  journal = {arXiv preprint arXiv:1609.02907},
  year    = {2016}
}

@inproceedings{schlichtkrull2018modeling,
  title        = {Modeling relational data with graph convolutional networks},
  author       = {Schlichtkrull, Michael and Kipf, Thomas N and Bloem, Peter and Van Den Berg, Rianne and Titov, Ivan and Welling, Max},
  booktitle    = {The Semantic Web: 15th International Conference, ESWC 2018, Heraklion, Crete, Greece, June 3--7, 2018, Proceedings 15},
  pages        = {593--607},
  year         = {2018},
  organization = {Springer}
}

@article{vashishth2019composition,
  title   = {Composition-based multi-relational graph convolutional networks},
  author  = {Vashishth, Shikhar and Sanyal, Soumya and Nitin, Vikram and Talukdar, Partha},
  journal = {arXiv preprint arXiv:1911.03082},
  year    = {2019}
}

@inproceedings{xie2016representation,
  title     = {Representation learning of knowledge graphs with entity descriptions},
  author    = {Xie, Ruobing and Liu, Zhiyuan and Jia, Jia and Luan, Huanbo and Sun, Maosong},
  booktitle = {Proceedings of the AAAI Conference on Artificial Intelligence},
  volume    = {30},
  number    = {1},
  year      = {2016}
}

@inproceedings{valverde2012link,
  title        = {Link prediction in complex networks based on cluster information},
  author       = {Valverde-Rebaza, Jorge Carlos and de Andrade Lopes, Alneu},
  booktitle    = {Advances in Artificial Intelligence-SBIA 2012: 21th Brazilian Symposium on Artificial Intelligence, Curitiba, Brazil, October 20-25, 2012. Proceedings},
  pages        = {92--101},
  year         = {2012},
  organization = {Springer}
}

@article{lin2015modeling,
  title   = {Modeling relation paths for representation learning of knowledge bases},
  author  = {Lin, Yankai and Liu, Zhiyuan and Luan, Huanbo and Sun, Maosong and Rao, Siwei and Liu, Song},
  journal = {arXiv preprint arXiv:1506.00379},
  year    = {2015}
}

@inproceedings{feng2016gake,
  title     = {GAKE: Graph aware knowledge embedding},
  author    = {Feng, Jun and Huang, Minlie and Yang, Yang and Zhu, Xiaoyan},
  booktitle = {Proceedings of COLING 2016, the 26th International Conference on Computational Linguistics: Technical Papers},
  pages     = {641--651},
  year      = {2016}
}

@article{xie2016image,
  title   = {Image-embodied knowledge representation learning},
  author  = {Xie, Ruobing and Liu, Zhiyuan and Luan, Huanbo and Sun, Maosong},
  journal = {arXiv preprint arXiv:1609.07028},
  year    = {2016}
}

@article{xiong2017deeppath,
  title   = {Deeppath: A reinforcement learning method for knowledge graph reasoning},
  author  = {Xiong, Wenhan and Hoang, Thien and Wang, William Yang},
  journal = {arXiv preprint arXiv:1707.06690},
  year    = {2017}
}

@inproceedings{auer2007dbpedia,
  title        = {Dbpedia: A nucleus for a web of open data},
  author       = {Auer, S{\"o}ren and Bizer, Christian and Kobilarov, Georgi and Lehmann, Jens and Cyganiak, Richard and Ives, Zachary},
  booktitle    = {The Semantic Web: 6th International Semantic Web Conference, 2nd Asian Semantic Web Conference, ISWC 2007+ ASWC 2007, Busan, Korea, November 11-15, 2007. Proceedings},
  pages        = {722--735},
  year         = {2007},
  organization = {Springer}
}

@article{guo2016sse,
  title     = {SSE: Semantically smooth embedding for knowledge graphs},
  author    = {Guo, Shu and Wang, Quan and Wang, Bin and Wang, Lihong and Guo, Li},
  journal   = {IEEE Transactions on Knowledge and Data Engineering},
  volume    = {29},
  number    = {4},
  pages     = {884--897},
  year      = {2016},
  publisher = {IEEE}
}

@inproceedings{hao2019universal,
  title     = {Universal representation learning of knowledge bases by jointly embedding instances and ontological concepts},
  author    = {Hao, Junheng and Chen, Muhao and Yu, Wenchao and Sun, Yizhou and Wang, Wei},
  booktitle = {Proceedings of the 25th ACM SIGKDD International Conference on Knowledge Discovery \& Data Mining},
  pages     = {1709--1719},
  year      = {2019}
}

@inproceedings{xie2016representation-TKRL,
  title     = {Representation learning of knowledge graphs with hierarchical types.},
  author    = {Xie, Ruobing and Liu, Zhiyuan and Sun, Maosong and others},
  booktitle = {IJCAI},
  volume    = {2016},
  pages     = {2965--2971},
  year      = {2016}
}

@inproceedings{shi2018open,
  title     = {Open-world knowledge graph completion},
  author    = {Shi, Baoxu and Weninger, Tim},
  booktitle = {Proceedings of the AAAI conference on artificial intelligence},
  volume    = {32},
  number    = {1},
  year      = {2018}
}

@inproceedings{galarraga2013amie,
  title     = {AMIE: association rule mining under incomplete evidence in ontological knowledge bases},
  author    = {Gal{\'a}rraga, Luis Antonio and Teflioudi, Christina and Hose, Katja and Suchanek, Fabian},
  booktitle = {Proceedings of the 22nd international conference on World Wide Web},
  pages     = {413--422},
  year      = {2013}
}

@article{yang2017differentiable,
  title   = {Differentiable learning of logical rules for knowledge base reasoning},
  author  = {Yang, Fan and Yang, Zhilin and Cohen, William W},
  journal = {Advances in neural information processing systems},
  volume  = {30},
  year    = {2017}
}

@article{sadeghian2019drum,
  title   = {Drum: End-to-end differentiable rule mining on knowledge graphs},
  author  = {Sadeghian, Ali and Armandpour, Mohammadreza and Ding, Patrick and Wang, Daisy Zhe},
  journal = {Advances in Neural Information Processing Systems},
  volume  = {32},
  year    = {2019}
}

@inproceedings{chen2021topology,
  title     = {Topology-aware correlations between relations for inductive link prediction in knowledge graphs},
  author    = {Chen, Jiajun and He, Huarui and Wu, Feng and Wang, Jie},
  booktitle = {Proceedings of the AAAI Conference on Artificial Intelligence},
  volume    = {35},
  number    = {7},
  pages     = {6271--6278},
  year      = {2021}
}

@article{liu2021indigo,
  title   = {Indigo: Gnn-based inductive knowledge graph completion using pair-wise encoding},
  author  = {Liu, Shuwen and Grau, Bernardo and Horrocks, Ian and Kostylev, Egor},
  journal = {Advances in Neural Information Processing Systems},
  volume  = {34},
  pages   = {2034--2045},
  year    = {2021}
}

@article{stackelberg1952theory,
  title     = {Theory of the market economy},
  author    = {Stackelberg, Heinrich von and others},
  year      = {1952},
  publisher = {Oxford University Press}
}

@inproceedings{franceschi2018bilevel,
  title        = {Bilevel programming for hyperparameter optimization and meta-learning},
  author       = {Franceschi, Luca and Frasconi, Paolo and Salzo, Saverio and Grazzi, Riccardo and Pontil, Massimiliano},
  booktitle    = {International Conference on Machine Learning},
  pages        = {1568--1577},
  year         = {2018},
  organization = {PMLR}
}

@article{sinha2017review,
  title     = {A review on bilevel optimization: From classical to evolutionary approaches and applications},
  author    = {Sinha, Ankur and Malo, Pekka and Deb, Kalyanmoy},
  journal   = {IEEE Transactions on Evolutionary Computation},
  volume    = {22},
  number    = {2},
  pages     = {276--295},
  year      = {2017},
  publisher = {IEEE}
}

@inproceedings{finn2017model,
  title        = {Model-agnostic meta-learning for fast adaptation of deep networks},
  author       = {Finn, Chelsea and Abbeel, Pieter and Levine, Sergey},
  booktitle    = {International conference on machine learning},
  pages        = {1126--1135},
  year         = {2017},
  organization = {PMLR}
}

@article{marcus2018deep,
  title   = {Deep learning: A critical appraisal},
  author  = {Marcus, Gary},
  journal = {arXiv preprint arXiv:1801.00631},
  year    = {2018}
}

@article{thrun1998learning,
  title     = {Learning to learn: Introduction and overview},
  author    = {Thrun, Sebastian and Pratt, Lorien},
  journal   = {Learning to learn},
  pages     = {3--17},
  year      = {1998},
  publisher = {Springer}
}

@article{andrychowicz2016learning,
  title   = {Learning to learn by gradient descent by gradient descent},
  author  = {Andrychowicz, Marcin and Denil, Misha and Gomez, Sergio and Hoffman, Matthew W and Pfau, David and Schaul, Tom and Shillingford, Brendan and De Freitas, Nando},
  journal = {Advances in neural information processing systems},
  volume  = {29},
  year    = {2016}
}

@article{liu2018darts,
  title   = {Darts: Differentiable architecture search},
  author  = {Liu, Hanxiao and Simonyan, Karen and Yang, Yiming},
  journal = {arXiv preprint arXiv:1806.09055},
  year    = {2018}
}

@article{zhou2020online,
  title   = {Online meta-critic learning for off-policy actor-critic methods},
  author  = {Zhou, Wei and Li, Yiying and Yang, Yongxin and Wang, Huaimin and Hospedales, Timothy},
  journal = {Advances in neural information processing systems},
  volume  = {33},
  pages   = {17662--17673},
  year    = {2020}
}

@article{snell2017prototypical,
  title   = {Prototypical networks for few-shot learning},
  author  = {Snell, Jake and Swersky, Kevin and Zemel, Richard},
  journal = {Advances in neural information processing systems},
  volume  = {30},
  year    = {2017}
}

@article{houthooft2018evolved,
  title   = {Evolved policy gradients},
  author  = {Houthooft, Rein and Chen, Yuhua and Isola, Phillip and Stadie, Bradly and Wolski, Filip and Jonathan Ho, OpenAI and Abbeel, Pieter},
  journal = {Advances in Neural Information Processing Systems},
  volume  = {31},
  year    = {2018}
}

@inproceedings{real2019regularized,
  title     = {Regularized evolution for image classifier architecture search},
  author    = {Real, Esteban and Aggarwal, Alok and Huang, Yanping and Le, Quoc V},
  booktitle = {Proceedings of the aaai conference on artificial intelligence},
  volume    = {33},
  number    = {01},
  pages     = {4780--4789},
  year      = {2019}
}

@article{xiong2018one,
  title   = {One-shot relational learning for knowledge graphs},
  author  = {Xiong, Wenhan and Yu, Mo and Chang, Shiyu and Guo, Xiaoxiao and Wang, William Yang},
  journal = {arXiv preprint arXiv:1808.09040},
  year    = {2018}
}

@inproceedings{bollacker2008freebase,
  title     = {Freebase: a collaboratively created graph database for structuring human knowledge},
  author    = {Bollacker, Kurt and Evans, Colin and Paritosh, Praveen and Sturge, Tim and Taylor, Jamie},
  booktitle = {Proceedings of the 2008 ACM SIGMOD international conference on Management of data},
  pages     = {1247--1250},
  year      = {2008}
}

@article{bizer2009dbpedia,
  title     = {Dbpedia-a crystallization point for the web of data},
  author    = {Bizer, Christian and Lehmann, Jens and Kobilarov, Georgi and Auer, S{\"o}ren and Becker, Christian and Cyganiak, Richard and Hellmann, Sebastian},
  journal   = {Journal of web semantics},
  volume    = {7},
  number    = {3},
  pages     = {154--165},
  year      = {2009},
  publisher = {Elsevier}
}

@inproceedings{suchanek2007yago,
  title     = {Yago: a core of semantic knowledge},
  author    = {Suchanek, Fabian M and Kasneci, Gjergji and Weikum, Gerhard},
  booktitle = {Proceedings of the 16th international conference on World Wide Web},
  pages     = {697--706},
  year      = {2007}
}

@mastersthesis{1022484779.nh,
  author = {李端阳},
  title  = {基于表示学习的知识图谱补全技术研究},
  school = {郑州轻工业大学},
  year   = {2022}
}

@inproceedings{omran2018scalable,
  title     = {Scalable Rule Learning via Learning Representation.},
  author    = {Omran, Pouya Ghiasnezhad and Wang, Kewen and Wang, Zhe},
  booktitle = {IJCAI},
  pages     = {2149--2155},
  year      = {2018}
}

@inproceedings{omran2022learning,
  title     = {Learning Rules With Attributes and Relations in Knowledge Graphs.},
  author    = {Omran, Pouya Ghiasnezhad and Wang, Zhe and Wang, Kewen},
  booktitle = {AAAI Spring Symposium: MAKE},
  year      = {2022}
}

@inproceedings{zhang2019iteratively,
  title     = {Iteratively learning embeddings and rules for knowledge graph reasoning},
  author    = {Zhang, Wen and Paudel, Bibek and Wang, Liang and Chen, Jiaoyan and Zhu, Hai and Zhang, Wei and Bernstein, Abraham and Chen, Huajun},
  booktitle = {The world wide web conference},
  pages     = {2366--2377},
  year      = {2019}
}

@article{2021-qx,
  title    = {{联合FOL规则的知识图谱表示学习方法}},
  author   = {{刘藤} and {陈恒} and {李冠宇}},
  journal  = {计算机工程与应用},
  volume   = 57,
  number   = 04,
  pages    = {100--107},
  year     = 2021,
  keywords = {知识图谱补全;表示学习;FOL规则;可解释;稀疏实体}
}

@article{2023-ed,
  title    = {面向知识图谱的规则挖掘研究综述},
  author   = {{刘洪波} and {陈越} and {卢记仓} and {侯雪梅} and {杨奎武}},
  abstract = {面向知识图谱的规则挖掘是从知识图谱中抽取出隐含的规则知识，应用于知识图谱补全、去噪、数据解释等问题，具有准确度高，可解释性强的优势。综述近年来知识图谱领域规则挖掘方法的最新研究进展，详细介绍了基于路径遍历、频繁项集和表示学习的规则挖掘方法，分析各类不同方法的特点、性能和存在问题，同时对规则的质量评估函数进行归纳总结，并探讨和展望了本领域未来的研究方向和前景。},
  journal  = {计算机工程与应用},
  pages    = {1--11},
  keywords = {知识图谱;规则挖掘;规则质量评估;路径遍历;表示学习;频繁项集}
}

@article{hamaguchi2017knowledge,
  title   = {Knowledge transfer for out-of-knowledge-base entities: A graph neural network approach},
  author  = {Hamaguchi, Takuo and Oiwa, Hidekazu and Shimbo, Masashi and Matsumoto, Yuji},
  journal = {arXiv preprint arXiv:1706.05674},
  year    = {2017}
}

@inproceedings{ye2019vectorized,
  title     = {A Vectorized Relational Graph Convolutional Network for Multi-Relational Network Alignment.},
  author    = {Ye, Rui and Li, Xin and Fang, Yujie and Zang, Hongyu and Wang, Mingzhong},
  booktitle = {IJCAI},
  pages     = {4135--4141},
  year      = {2019}
}

@inproceedings{cai2019transgcn,
  title     = {TransGCN: Coupling transformation assumptions with graph convolutional networks for link prediction},
  author    = {Cai, Ling and Yan, Bo and Mai, Gengchen and Janowicz, Krzysztof and Zhu, Rui},
  booktitle = {Proceedings of the 10th international conference on knowledge capture},
  pages     = {131--138},
  year      = {2019}
}

@article{nathani2019learning,
  title   = {Learning attention-based embeddings for relation prediction in knowledge graphs},
  author  = {Nathani, Deepak and Chauhan, Jatin and Sharma, Charu and Kaul, Manohar},
  journal = {arXiv preprint arXiv:1906.01195},
  year    = {2019}
}

@article{chen2021r,
  title   = {r-GAT: Relational Graph Attention Network for Multi-Relational Graphs},
  author  = {Chen, Meiqi and Zhang, Yuan and Kou, Xiaoyu and Li, Yuntao and Zhang, Yan},
  journal = {arXiv preprint arXiv:2109.05922},
  year    = {2021}
}

@article{chen2019meta,
  title   = {Meta relational learning for few-shot link prediction in knowledge graphs},
  author  = {Chen, Mingyang and Zhang, Wen and Zhang, Wei and Chen, Qiang and Chen, Huajun},
  journal = {arXiv preprint arXiv:1909.01515},
  year    = {2019}
}

@article{lv2019adapting,
  title   = {Adapting meta knowledge graph information for multi-hop reasoning over few-shot relations},
  author  = {Lv, Xin and Gu, Yuxian and Han, Xu and Hou, Lei and Li, Juanzi and Liu, Zhiyuan},
  journal = {arXiv preprint arXiv:1908.11513},
  year    = {2019}
}

@inproceedings{niu2021relational,
  title     = {Relational learning with gated and attentive neighbor aggregator for few-shot knowledge graph completion},
  author    = {Niu, Guanglin and Li, Yang and Tang, Chengguang and Geng, Ruiying and Dai, Jian and Liu, Qiao and Wang, Hao and Sun, Jian and Huang, Fei and Si, Luo},
  booktitle = {Proceedings of the 44th International ACM SIGIR Conference on Research and Development in Information Retrieval},
  pages     = {213--222},
  year      = {2021}
}

@article{zheng2022subgraph,
  title     = {Subgraph-aware few-shot inductive link prediction via meta-learning},
  author    = {Zheng, Shuangjia and Mai, Sijie and Sun, Ya and Hu, Haifeng and Yang, Yuedong},
  journal   = {IEEE Transactions on Knowledge and Data Engineering},
  year      = {2022},
  publisher = {IEEE}
}

@inproceedings{chen2022meta,
  title     = {Meta-knowledge transfer for inductive knowledge graph embedding},
  author    = {Chen, Mingyang and Zhang, Wen and Zhu, Yushan and Zhou, Hongting and Yuan, Zonggang and Xu, Changliang and Chen, Huajun},
  booktitle = {Proceedings of the 45th International ACM SIGIR Conference on Research and Development in Information Retrieval},
  pages     = {927--937},
  year      = {2022}
}

@inproceedings{chen2018on2vec,
  title        = {On2vec: Embedding-based relation prediction for ontology population},
  author       = {Chen, Muhao and Tian, Yingtao and Chen, Xuelu and Xue, Zijun and Zaniolo, Carlo},
  booktitle    = {Proceedings of the 2018 SIAM International Conference on Data Mining},
  pages        = {315--323},
  year         = {2018},
  organization = {SIAM}
}

@inproceedings{ma2017transt,
  title        = {Transt: Type-based multiple embedding representations for knowledge graph completion},
  author       = {Ma, Shiheng and Ding, Jianhui and Jia, Weijia and Wang, Kun and Guo, Minyi},
  booktitle    = {Machine Learning and Knowledge Discovery in Databases: European Conference, ECML PKDD 2017, Skopje, Macedonia, September 18--22, 2017, Proceedings, Part I 10},
  pages        = {717--733},
  year         = {2017},
  organization = {Springer}
}

@inproceedings{mai2021communicative,
  title     = {Communicative message passing for inductive relation reasoning},
  author    = {Mai, Sijie and Zheng, Shuangjia and Yang, Yuedong and Hu, Haifeng},
  booktitle = {Proceedings of the AAAI Conference on Artificial Intelligence},
  volume    = {35},
  number    = {5},
  pages     = {4294--4302},
  year      = {2021}
}

@inproceedings{zhao2020attention,
  title        = {Attention-based aggregation graph networks for knowledge graph information transfer},
  author       = {Zhao, Ming and Jia, Weijia and Huang, Yusheng},
  booktitle    = {Advances in Knowledge Discovery and Data Mining: 24th Pacific-Asia Conference, PAKDD 2020, Singapore, May 11--14, 2020, Proceedings, Part II 24},
  pages        = {542--554},
  year         = {2020},
  organization = {Springer}
}
